% This file was created with JabRef 2.4.2.
% Encoding: Cp1252

%======================================================
% How to add ressources
%======================================================
%@BOOK{#LabelToLink,
% title = {#Titel},
% publisher = {#Publisher},
% year = {#Year},			<-- Optional
% author = {#Author},		
% adress = {#Address}		<-- Optional
% note = {#LinkToRessource} <-- Optional
%}
%======================================================
% Example
%======================================================
%@BOOK{nonMax,
% title = {Fast linear feature detection using multiple directional non-maximum 	suppression},
% publisher = {Journal of Microscopy},
% year = {2009},
% author = {C. Sun and P.Vallotton},
% address = {Vancouver, B.C. Canada}
% note = {\url{http://onlinelibrary.wiley.com/doi/10.1111/j.						1365-2818.2009.03156.x/full}}
%}


@BOOK{sift,
  title = {Object Recognition from Local Scale-Invariant Features},
  publisher = {Computer Science Departement},
  year = {1999},
  author = {David G. Lowe},
  address = {Vancouver, B.C. Canada}
}

@BOOK{gauss,
  title = {A Class of Fast Gaussian Binomial Filters for Speech and Image Processing},
  year = {1991},
  author = {R.A. Haddad, A.N. Akansu}
}

@BOOK{siftImage,
  title = {Introduction to Sift},
  publisher = {OpenCV Tutorials},
  note = {\url{http://docs.opencv.org/trunk/da/df5/tutorial_py_sift_intro.html}},
  author = {OpenCV}
}

@BOOK{bfMatcher,
  title = {Basics of Brute-Force Matcher},
  publisher = {OpenCV Documentation},
  note = {\url{http://docs.opencv.org/3.0-beta/doc/py_tutorials/py_feature2d/py_matcher/py_matcher.html}},
  author = {OpenCV}
}

@BOOK{ransac,
  title = {The multiRANSAC algorithm and its application to detect planar homographies},
  publisher = {Image Processing},
  year = {2005},
  author = {M. Zuliani, C.S. Kennedy and B.S. Manjunath}
}

@BOOK{ransacImage,
  title = {The ransac algorithm},
  publisher = {Wikipedia},
  year = {2016},
  author = {Curtis Newton},
  note = {\url{https://de.wikipedia.org/wiki/RANSAC-Algorithmus}}
}

@BOOK{ransacImage2,
  title = {Feature matching and Homographies to find Objects},
  publisher = {OpenCv Tutorials},
  author = {OpenCV},
  note = {\url{http://docs.opencv.org/3.0-beta/doc/py_tutorials/py_feature2d/py_feature_homography/py_feature_homography.html}}
}

@BOOK{cht,
  title = {Circular Hough Transform},
  publisher = {Aalborg University, Vision, Graphics and Interactive Systems},
  year = {2007},
  author = {Simon Just Kjeldgaard Pedersen},
  note = {\url{https://cdn.manesht.ir/9961/Simon_Pedersen_CircularHoughTransform.pdf}}
}

@BOOK{chtImage,
  title = {Circle Hough Transform},
  publisher = {Wikipedia},
  author = {Wikipedia},
  note = {\url{https://en.wikipedia.org/wiki/Circle_Hough_Transform}}
}

@BOOK{canny,
  title = {A Computational Approach to Edge Detection},
  publisher = {IEEE},
  year = {2009},
  author = {John Canny},
  note = {\url{http://www.cs.ubc.ca/~lowe/papers/iccv99.pdf}}
}

@BOOK{sobel,
  title = {Sobel Operator},
  publisher = {Wikipedia},
  author = {Wikipedia},
  note = {\url{https://en.wikipedia.org/wiki/Sobel_operator}}
}

@BOOK{nonMax,
  title = {Fast linear feature detection using multiple directional non-maximum suppression},
  publisher = {Journal of Microscopy},
  year = {2009},
  author = {C. Sun and P.Vallotton},
  note = {\url{http://onlinelibrary.wiley.com/doi/10.1111/j.1365-2818.2009.03156.x/full}}
}

@BOOK{cannyImage,
  title = {Canny Edge Detector},
  publisher = {Wikipedia},
  author = {Wikipedia},
  note = {\url{https://en.wikipedia.org/wiki/Canny_edge_detector}}
}

@BOOK{perspect,
  title = {3D Projection},
  publisher = {Wikipedia},
  author = {Wikipedia},
  note = {\url{https://en.wikipedia.org/wiki/3D_projection}}
}

@BOOK{perspectImage,
  title = {Geometric Transformations of Images},
  publisher = {OpenCV Tutorials},
  author = {OpenCV},
  note = {\url{http://opencv-python-tutroals.readthedocs.io/en/latest/py_tutorials/py_imgproc/py_geometric_transformations/py_geometric_transformations.html}}
}

@BOOK{hdr,
  title = {Fast bilateral filtering for the display of high dynamic range images},
  publisher = {Association for Computing Machinery},
  year = {2002},
  author = {Frédo Durand and Julie Dorsey},
}

@BOOK{tonemap,
  title = {A Tone Mapping Algorithm for High Contrast Images},
  publisher = {Departement of Computer Science},
  year = {2002},
  author = {Michael Ashikhmin}
}

@BOOK{hdrImage,
  title = {High-dynamic-range Imaging},
  publisher = {Wikipedia},
  author = {Wikipedia},
  note = {\url{https://en.wikipedia.org/wiki/High-dynamic-range_imaging}}
}

@BOOK{opencv,
  title = {OpenCV Tutorial},
  publisher = {OpenCV},
  author = {OpenCV},
  note = {\url{http://opencv.org/}}
}

@BOOK{ros,
  title = {Robot Operating System},
  publisher = {ROS},
  author = {ROS},
  note = {\url{http://www.ros.org/}}
}

@BOOK{hdreval,
  title = {An evaluation of HDR image matching under extreme illumination changes},
  publisher = {IEEE},
  year = {2016},
  author = {Aakanksha Rana, Giuseppe Valenzise and Frédéric Dufaux}
}

@BOOK{stitch,
  title = {Automatic Panoramic Image Stitching using Invariant Features},
  publisher = {Springer},
  year = {2007},
  author = {Matthew Brown and David G. Lowe},
  note = {\url{http://matthewalunbrown.com/papers/ijcv2007.pdf}}
}

@BOOK{coconut,
  title = {Object Detection using Circular Hough Transform},
  publisher = {Springer},
  year = {2005},
  author = {Mohamed Rizon et. al.},
  note = {\url{http://dspace.unimap.edu.my/dspace/bitstream/123456789/11349/1/ajas2121606-1609.pdf}}
}

@BOOK{display,
  title = {A Computer Vision system to read Meter Displays},
  publisher = {IMEKO TC4 Symposium},
  year = {2008},
  author = {Danilo Alves de Lima, Guilherme Augusto Silva Pereira and Flavio Henrique de Vasconcelos}
}

@BOOK{segment,
  title = {Segmentation-free approaches of computer vision for automatic calibration of digital and analog instruments},
  publisher = {Industrial Engineering Post graduation Program},
  year = {2013},
  author = {P.A. Belan, S.A. Araujo and A.F.H. Librantz}
}

@BOOK{service,
  title = {ROS Service Package},
  publisher = {ROS},
  author = {ROS},
  note = {\url{http://wiki.ros.org/roscpp/Overview/Services}}
}

@BOOK{action,
  title = {ROS actionlib},
  publisher = {ROS},
  author = {ROS},
  note = {\url{http://wiki.ros.org/actionlib}}
}

@BOOK{bag,
  title = {ROS rosbag},
  publisher = {ROS},
  author = {ROS},
  note = {\url{http://wiki.ros.org/rosbag}}
}

@BOOK{warp,
  title = {Geometric Image Transformations},
  publisher = {OpenCV},
  author = {OpenCV},
  note = {\url{http://docs.opencv.org/2.4/modules/imgproc/doc/geometric_transformations.html}}
}

@BOOK{detectioncv,
  title = {Feature Detection},
  publisher = {OpenCV},
  author = {OpenCV},
  note = {\url{http://docs.opencv.org/2.4/modules/imgproc/doc/feature_detection.html?highlight=houghcircles#houghcircles}}
}

@BOOK{mask,
  title = {Basic Structures},
  publisher = {OpenCV},
  author = {OpenCV},
  note = {\url{http://docs.opencv.org/2.4/modules/core/doc/basic_structures.html}}
}

@BOOK{siftcv,
  title = {Feature Detection and Description},
  publisher = {OpenCV},
  author = {OpenCV},
  note = {\url{http://docs.opencv.org/2.4.8/modules/nonfree/doc/feature_detection.html}}
}

@BOOK{bfmatchercv,
  title = {BFMatcher Class Reference},
  publisher = {OpenCV},
  author = {OpenCV},
  note = {\url{http://docs.opencv.org/ref/2.4.13/d3/da1/classcv_1_1BFMatcher.html}}
}

@BOOK{homo,
  title = {Camera Calibration and 3D Reconstruction},
  publisher = {OpenCV},
  author = {OpenCV},
  note = {\url{http://docs.opencv.org/2.4/modules/calib3d/doc/camera_calibration_and_3d_reconstruction.html?highlight=findhomography}}
}

@BOOK{filter,
  title = {Image Filtering},
  publisher = {OpenCV},
  author = {OpenCV},
  note = {\url{http://docs.opencv.org/2.4/modules/imgproc/doc/filtering.html}}
}

@BOOK{statistic,
  title = {Standard Deviation},
  publisher = {Wikipedia},
  author = {Wikipedia},
  note = {\url{https://en.wikipedia.org/wiki/Standard_deviation}}
}

@BOOK{draw,
  title = {Drawing Functions},
  publisher = {OpenCV},
  author = {OpenCV},
  note = {\url{http://docs.opencv.org/2.4/modules/core/doc/drawing_functions.html}}
}